@book{Cressie1993,
   title =     {Statistics for Spatial Data},
   author =    {Noel Cressie},
   publisher = {Wiley-Interscience},
   isbn =      {0471002550; 9780471002550},
   year =      {1993},
   edition =   {Revised Edition}}

@book{Banerjee2015,
   title =     {{Hierarchical Modeling and Analysis for Spatial Data,
                Second Edition}},
   author =    {Banerjee, Sudipto and Carlin, Bradley P. and Gelfand, Alan E},
   publisher = {CRC Press},
   isbn =      {9781439819180; 1439819181},
   year =      {2015},
   series =    {Chapman & Hall/CRC Monographs on Statistics & Applied Probability},
   edition =   "2ed."}

@book{Schaenberger2005,
   title =     {Statistical methods for spatial data analysis},
   author =    {Schabenberger, Oliver and Gotway, Carol},
   publisher = {Chapman \& Hall/CRC},
   isbn =      {1584883227; 9781584883227},
   year =      {2005},
   series =    {Texts in Statistical Science}}

@book{Sujit2022,
   title =     {Bayesian Modelling of Spatio-Temporal Data with R},
   author =    {Sujit Kumar Sahu},
   publisher = {Chapman \& Hall/CRC},
   isbn =      {0367277980; 9780367277987},
   year =      {2022},
   edition =   {1"}}

@book{FischerHandbook2010,
   title =     {Handbook of Applied Spatial Analysis: Software Tools, Methods and Applications},
   author =    {Manfred M. Fischer and Arthur Getis (auth.)},
   publisher = {Springer},
   isbn =      {9783642036460; 3642036465; 9783642036477; 3642036473},
   year =      {2010},
   edition =   {1}}

@article{Dormann2007,
    author = {F. Dormann, C. and M. McPherson, J. and B. Araújo, M. and Bivand, R. and Bolliger, J. and Carl, G. and G. Davies, R. and Hirzel, A. and Jetz, W. and Daniel Kissling, W. and Kühn, I. and Ohlemüller, R. and R. Peres-Neto, P. and Reineking, B. and Schröder, B. and M. Schurr F. and Wilson, R. },
    title = "{Methods to account for spatial autocorrelation in the analysis of species distributional data: a review}",
    journal = "Ecography",
    volume = "30",
    number = "5",
    pages = "609-628",
    year = "2007",
    DOI = "doi.org/10.1111/j.2007.0906-7590.05171.x"
}

@article{Augustin1996,
    author = {Augustin, N. H. and Mugglestone, M. A. and Buckland S. T.},
    title = "{An Autologistic Model for the Spatial Distribution of Wildlife}",
    journal = "Journal of Applied Ecology",
    volume = "33",
    number = "2",
    pages = "339-347",
    year = "1996",
    DOI = "doi.org/10.2307/2404755"
}
@article{Tucci2019,
    author = {Tucci, Gabriel H. and Wang, Ke},
    title = "{New Methods for Handling Singular Sample Covariance Matrices}",
    journal = "IEEE Transactions on Information Theory",
    volume = "65",
    number = "2",
    pages = "770-786",
    year = "2019",
    DOI = "doi: 10.1109/TIT.2018.2888734."
}

@article{Meaney2014,
    author = {Meaney, C. and Moineddin, R. A},
    title = "{A Monte Carlo simulation study comparing linear regression, beta regression, variable-dispersion beta regression and fractional logit regression at recovering average difference measures in a two sample design.}",
    journal = "BMC Med Res Methodol",
    volume = "14",
    number = "14",
    year = "2019",
    DOI = "dx.doi.org/10.1186/s12874-016-0256-6."
}